% This file was created with JabRef 2.9.2.
% Encoding: UTF-8

@ELECTRONIC{Ertl,
  author = {Anton Ertl},
  url = {www.complang.tuwien.ac.at/forth/threaded-code.html#motivation},
  owner = {bentles},
  timestamp = {2015.09.10}
}

@ELECTRONIC{James,
  author = {Mike James},
  url = {http://www.i-programmer.info/babbages-bag/352-interpreters.html?start=1},
  owner = {bentles},
  timestamp = {2015.08.20}
}

@BOOK{JamesE.Smith2005,
  title = {Virtual Machines},
  publisher = {Elsevier Inc.},
  year = {2005},
  editor = {Simon \& Assocs},
  author = {James E. Smith, Ravi Nair},
  owner = {bentles},
  timestamp = {2015.03.01}
}

@ELECTRONIC{ast,
  author = {David Matuszek},
  organization = {University og Pennsylvania},
  url = {http://www.cis.upenn.edu/~matuszek/cit594-2011/Assignments/05-abstract-syntax-tree.html},
  owner = {bentles},
  timestamp = {2015.09.11}
}

@ELECTRONIC{MSDN,
  author = {MSDN},
  url = {https://msdn.microsoft.com/en-us/library/ht8ecch6\%28v=vs.90\%29.aspx},
  owner = {bentles},
  timestamp = {2015.03.01}
}

@ELECTRONIC{Oracle,
  author = {Oracle},
  url = {url{http://docs.oracle.com/cd/E15289_01/doc.40/e15058/underst_jit.htm}},
  owner = {bentles},
  timestamp = {2015.03.01}
}

@ARTICLE{RobertoIerusalimschy,
  author = {Roberto Ierusalimschy, Luiz Henrique de Figueiredo, Waldemar Celes1},
  title = {The Implementation of Lua 5.0},
  owner = {bentles},
  timestamp = {2015.03.01},
  url = {http://www.lua.org/doc/jucs05.pdf}
}

@ELECTRONIC{Lua.Source,
  author = {Roberto Ierusalimschy, Luiz Henrique de Figueiredo, Waldemar Celes1},
  month = {06},
  year = {2015},
  title = {lvm.c},
  url = {http://www.lua.org/source/5.3/lvm.c.html},
  owner = {bentles},
  timestamp = {2015.09.10}
}

@ARTICLE{Shi2007,
  author = {Yunhe Shi},
  title = {Virtual machine showdown: Stack versus registers},
  year = {2007},
  owner = {bentles},
  timestamp = {2015.03.17}
}

@STANDARD{CLI,
  title = {Common Language Infrastructure (CLI)},
  organization = {ECMA},
  institution = {European Association for Standardizing Information and Communication
	Systems},
  owner = {bentles},
  timestamp = {2015.09.10}
}

@MANUAL{JVM,
  title = {The Java Virtual Machine Specification},
  owner = {bentles},
  timestamp = {2015.09.10}
}

@ELECTRONIC{JVMJIT,
  url = {url{https://docs.oracle.com/cd/E13150_01/jrockit_jvm/jrockit/geninfo/diagnos/underst_jit.html}},
  owner = {bentles},
  timestamp = {2015.09.10}
}

@ELECTRONIC{LuaUsed,
  url = {url{https://sites.google.com/site/marbux/home/where-lua-is-used}},
  owner = {bentles},
  timestamp = {2015.09.10}
}

