% This file was created with JabRef 2.9.2.
% Encoding: UTF-8

@BOOK{JamesE.Smith2005,
  title = {Virtual Machines},
  publisher = {Elsevier Inc.},
  year = {2005},
  editor = {Simon \& Assocs},
  author = {James E. Smith, Ravi Nair},
  owner = {bentles},
  timestamp = {2015.03.01}
}

@ELECTRONIC{MSDN,
  author = {MSDN},
  url = {https://msdn.microsoft.com/en-us/library/ht8ecch6%28v=vs.90%29.aspx},
  owner = {bentles},
  timestamp = {2015.03.01}
}

@ELECTRONIC{Oracle,
  author = {Oracle},
  url = {http://docs.oracle.com/cd/E15289_01/doc.40/e15058/underst_jit.htm},
  owner = {bentles},
  timestamp = {2015.03.01}
}

@ARTICLE{RobertoIerusalimschy,
  author = {Roberto Ierusalimschy, Luiz Henrique de Figueiredo, Waldemar Celes1},
  title = {The Implementation of Lua 5.0},
  owner = {bentles},
  timestamp = {2015.03.01},
  url = {http://www.lua.org/doc/jucs05.pdf}
}

@ARTICLE{Shi2007,
  author = {Yunhe Shi},
  title = {Virtual machine showdown: Stack versus
	
	registers},
  year = {2007},
  owner = {bentles},
  timestamp = {2015.03.17}
}

